%YAML 1.1
%TAG !u! tag:unity3d.com,2011:
--- !u!1 &4489073375845803809
GameObject:
  m_ObjectHideFlags: 0
  m_CorrespondingSourceObject: {fileID: 0}
  m_PrefabInstance: {fileID: 0}
  m_PrefabAsset: {fileID: 0}
  serializedVersion: 6
  m_Component:
  - component: {fileID: 4489073375845803810}
  - component: {fileID: 4489073375845803813}
  - component: {fileID: 4489073375845803811}
  m_Layer: 0
  m_Name: estudiante design atlas_2
  m_TagString: Untagged
  m_Icon: {fileID: 0}
  m_NavMeshLayer: 0
  m_StaticEditorFlags: 0
  m_IsActive: 1
--- !u!4 &4489073375845803810
Transform:
  m_ObjectHideFlags: 0
  m_CorrespondingSourceObject: {fileID: 0}
  m_PrefabInstance: {fileID: 0}
  m_PrefabAsset: {fileID: 0}
  m_GameObject: {fileID: 4489073375845803809}
  m_LocalRotation: {x: -0, y: -0, z: -0, w: 1}
  m_LocalPosition: {x: 0.91, y: -0.59, z: 0}
  m_LocalScale: {x: 1, y: 1, z: 1}
  m_Children: []
  m_Father: {fileID: 4489073376421540197}
  m_RootOrder: 1
  m_LocalEulerAnglesHint: {x: 0, y: 0, z: 0}
--- !u!114 &4489073375845803813
MonoBehaviour:
  m_ObjectHideFlags: 0
  m_CorrespondingSourceObject: {fileID: 0}
  m_PrefabInstance: {fileID: 0}
  m_PrefabAsset: {fileID: 0}
  m_GameObject: {fileID: 4489073375845803809}
  m_Enabled: 1
  m_EditorHideFlags: 0
  m_Script: {fileID: 11500000, guid: 5ec17ceaa560940e9bf0dbeafc3a1971, type: 3}
  m_Name: 
  m_EditorClassIdentifier: 
  m_SpriteMesh: {fileID: 11400000, guid: 2d6fb1aab7bea79489a41d60e49cbc4c, type: 2}
  m_Color: {r: 1, g: 1, b: 1, a: 1}
  m_Materials:
  - {fileID: 10754, guid: 0000000000000000f000000000000000, type: 0}
  m_SortingLayerID: 0
  m_SortingOrder: 1
  m_BoneTransforms:
  - {fileID: 4489073376881540563}
  - {fileID: 4489073376455806072}
--- !u!137 &4489073375845803811
SkinnedMeshRenderer:
  m_ObjectHideFlags: 0
  m_CorrespondingSourceObject: {fileID: 0}
  m_PrefabInstance: {fileID: 0}
  m_PrefabAsset: {fileID: 0}
  m_GameObject: {fileID: 4489073375845803809}
  m_Enabled: 1
  m_CastShadows: 1
  m_ReceiveShadows: 1
  m_DynamicOccludee: 1
  m_MotionVectors: 1
  m_LightProbeUsage: 1
  m_ReflectionProbeUsage: 1
  m_RayTracingMode: 0
  m_RenderingLayerMask: 1
  m_RendererPriority: 0
  m_Materials:
  - {fileID: 10754, guid: 0000000000000000f000000000000000, type: 0}
  m_StaticBatchInfo:
    firstSubMesh: 0
    subMeshCount: 0
  m_StaticBatchRoot: {fileID: 0}
  m_ProbeAnchor: {fileID: 0}
  m_LightProbeVolumeOverride: {fileID: 0}
  m_ScaleInLightmap: 1
  m_ReceiveGI: 1
  m_PreserveUVs: 0
  m_IgnoreNormalsForChartDetection: 0
  m_ImportantGI: 0
  m_StitchLightmapSeams: 1
  m_SelectedEditorRenderState: 3
  m_MinimumChartSize: 4
  m_AutoUVMaxDistance: 0.5
  m_AutoUVMaxAngle: 89
  m_LightmapParameters: {fileID: 0}
  m_SortingLayerID: 0
  m_SortingLayer: 0
  m_SortingOrder: 1
  serializedVersion: 2
  m_Quality: 0
  m_UpdateWhenOffscreen: 0
  m_SkinnedMotionVectors: 1
  m_Mesh: {fileID: 0}
  m_Bones:
  - {fileID: 4489073376881540563}
  - {fileID: 4489073376455806072}
  m_BlendShapeWeights: []
  m_RootBone: {fileID: 4489073376881540563}
  m_AABB:
    m_Center: {x: 1.0196786, y: -0.024689674, z: 0}
    m_Extent: {x: 1.512846, y: 1.1865969, z: 0}
  m_DirtyAABB: 0
--- !u!1 &4489073375905341384
GameObject:
  m_ObjectHideFlags: 0
  m_CorrespondingSourceObject: {fileID: 0}
  m_PrefabInstance: {fileID: 0}
  m_PrefabAsset: {fileID: 0}
  serializedVersion: 6
  m_Component:
  - component: {fileID: 4489073375905341385}
  m_Layer: 0
  m_Name: IK
  m_TagString: Untagged
  m_Icon: {fileID: 0}
  m_NavMeshLayer: 0
  m_StaticEditorFlags: 0
  m_IsActive: 1
--- !u!4 &4489073375905341385
Transform:
  m_ObjectHideFlags: 0
  m_CorrespondingSourceObject: {fileID: 0}
  m_PrefabInstance: {fileID: 0}
  m_PrefabAsset: {fileID: 0}
  m_GameObject: {fileID: 4489073375905341384}
  m_LocalRotation: {x: -0, y: -0, z: -0, w: 1}
  m_LocalPosition: {x: 0, y: 0, z: 0}
  m_LocalScale: {x: 1, y: 1, z: 1}
  m_Children:
  - {fileID: 4489073376215880674}
  - {fileID: 4489073377413292737}
  - {fileID: 4489073377568244814}
  m_Father: {fileID: 4489073376421540197}
  m_RootOrder: 5
  m_LocalEulerAnglesHint: {x: 0, y: 0, z: 0}
--- !u!1 &4489073375936115701
GameObject:
  m_ObjectHideFlags: 0
  m_CorrespondingSourceObject: {fileID: 0}
  m_PrefabInstance: {fileID: 0}
  m_PrefabAsset: {fileID: 0}
  serializedVersion: 6
  m_Component:
  - component: {fileID: 4489073375936115702}
  - component: {fileID: 4489073375936115703}
  m_Layer: 0
  m_Name: rodilla der
  m_TagString: Untagged
  m_Icon: {fileID: 0}
  m_NavMeshLayer: 0
  m_StaticEditorFlags: 0
  m_IsActive: 1
--- !u!4 &4489073375936115702
Transform:
  m_ObjectHideFlags: 0
  m_CorrespondingSourceObject: {fileID: 0}
  m_PrefabInstance: {fileID: 0}
  m_PrefabAsset: {fileID: 0}
  m_GameObject: {fileID: 4489073375936115701}
  m_LocalRotation: {x: 0, y: 0, z: -0.11033401, w: 0.9938946}
  m_LocalPosition: {x: 1.3600006, y: -0.000000059604645, z: 0}
  m_LocalScale: {x: 1, y: 1, z: 1}
  m_Children:
  - {fileID: 4489073376339242127}
  m_Father: {fileID: 4489073376376266030}
  m_RootOrder: 0
  m_LocalEulerAnglesHint: {x: 0, y: 0, z: -12.670001}
--- !u!114 &4489073375936115703
MonoBehaviour:
  m_ObjectHideFlags: 0
  m_CorrespondingSourceObject: {fileID: 0}
  m_PrefabInstance: {fileID: 0}
  m_PrefabAsset: {fileID: 0}
  m_GameObject: {fileID: 4489073375936115701}
  m_Enabled: 1
  m_EditorHideFlags: 0
  m_Script: {fileID: 11500000, guid: 03b157d7625014c58bfbad3513f40289, type: 3}
  m_Name: 
  m_EditorClassIdentifier: 
  m_Color: {r: 1, g: 1, b: 1, a: 1}
  m_Length: 1.1600004
  m_ChildTransform: {fileID: 4489073376339242127}
  m_AttachedIK: {fileID: 4489073377413292736}
--- !u!1 &4489073376159345601
GameObject:
  m_ObjectHideFlags: 0
  m_CorrespondingSourceObject: {fileID: 0}
  m_PrefabInstance: {fileID: 0}
  m_PrefabAsset: {fileID: 0}
  serializedVersion: 6
  m_Component:
  - component: {fileID: 4489073376159345602}
  - component: {fileID: 4489073376159345605}
  - component: {fileID: 4489073376159345603}
  m_Layer: 0
  m_Name: estudiante design atlas_1
  m_TagString: Untagged
  m_Icon: {fileID: 0}
  m_NavMeshLayer: 0
  m_StaticEditorFlags: 0
  m_IsActive: 1
--- !u!4 &4489073376159345602
Transform:
  m_ObjectHideFlags: 0
  m_CorrespondingSourceObject: {fileID: 0}
  m_PrefabInstance: {fileID: 0}
  m_PrefabAsset: {fileID: 0}
  m_GameObject: {fileID: 4489073376159345601}
  m_LocalRotation: {x: -0, y: -0, z: -0, w: 1}
  m_LocalPosition: {x: -1.02, y: -1.82, z: 0}
  m_LocalScale: {x: 1, y: 1, z: 1}
  m_Children: []
  m_Father: {fileID: 4489073376421540197}
  m_RootOrder: 4
  m_LocalEulerAnglesHint: {x: 0, y: 0, z: 0}
--- !u!114 &4489073376159345605
MonoBehaviour:
  m_ObjectHideFlags: 0
  m_CorrespondingSourceObject: {fileID: 0}
  m_PrefabInstance: {fileID: 0}
  m_PrefabAsset: {fileID: 0}
  m_GameObject: {fileID: 4489073376159345601}
  m_Enabled: 1
  m_EditorHideFlags: 0
  m_Script: {fileID: 11500000, guid: 5ec17ceaa560940e9bf0dbeafc3a1971, type: 3}
  m_Name: 
  m_EditorClassIdentifier: 
  m_SpriteMesh: {fileID: 11400000, guid: bf581ebae28961c438b4f414a095a4b6, type: 2}
  m_Color: {r: 1, g: 1, b: 1, a: 1}
  m_Materials:
  - {fileID: 10754, guid: 0000000000000000f000000000000000, type: 0}
  m_SortingLayerID: 0
  m_SortingOrder: 1
  m_BoneTransforms:
  - {fileID: 4489073377601679576}
  - {fileID: 4489073376764895605}
--- !u!137 &4489073376159345603
SkinnedMeshRenderer:
  m_ObjectHideFlags: 0
  m_CorrespondingSourceObject: {fileID: 0}
  m_PrefabInstance: {fileID: 0}
  m_PrefabAsset: {fileID: 0}
  m_GameObject: {fileID: 4489073376159345601}
  m_Enabled: 1
  m_CastShadows: 1
  m_ReceiveShadows: 1
  m_DynamicOccludee: 1
  m_MotionVectors: 1
  m_LightProbeUsage: 1
  m_ReflectionProbeUsage: 1
  m_RayTracingMode: 0
  m_RenderingLayerMask: 1
  m_RendererPriority: 0
  m_Materials:
  - {fileID: 10754, guid: 0000000000000000f000000000000000, type: 0}
  m_StaticBatchInfo:
    firstSubMesh: 0
    subMeshCount: 0
  m_StaticBatchRoot: {fileID: 0}
  m_ProbeAnchor: {fileID: 0}
  m_LightProbeVolumeOverride: {fileID: 0}
  m_ScaleInLightmap: 1
  m_ReceiveGI: 1
  m_PreserveUVs: 0
  m_IgnoreNormalsForChartDetection: 0
  m_ImportantGI: 0
  m_StitchLightmapSeams: 1
  m_SelectedEditorRenderState: 3
  m_MinimumChartSize: 4
  m_AutoUVMaxDistance: 0.5
  m_AutoUVMaxAngle: 89
  m_LightmapParameters: {fileID: 0}
  m_SortingLayerID: 0
  m_SortingLayer: 0
  m_SortingOrder: 1
  serializedVersion: 2
  m_Quality: 0
  m_UpdateWhenOffscreen: 0
  m_SkinnedMotionVectors: 1
  m_Mesh: {fileID: 0}
  m_Bones:
  - {fileID: 4489073377601679576}
  - {fileID: 4489073376764895605}
  m_BlendShapeWeights: []
  m_RootBone: {fileID: 4489073377601679576}
  m_AABB:
    m_Center: {x: 0.9973119, y: 0.040170252, z: 0}
    m_Extent: {x: 1.2124393, y: 0.6894514, z: 0}
  m_DirtyAABB: 0
--- !u!1 &4489073376215880672
GameObject:
  m_ObjectHideFlags: 0
  m_CorrespondingSourceObject: {fileID: 0}
  m_PrefabInstance: {fileID: 0}
  m_PrefabAsset: {fileID: 0}
  serializedVersion: 6
  m_Component:
  - component: {fileID: 4489073376215880674}
  - component: {fileID: 4489073376215880673}
  m_Layer: 0
  m_Name: PIE IZQ
  m_TagString: Untagged
  m_Icon: {fileID: 0}
  m_NavMeshLayer: 0
  m_StaticEditorFlags: 0
  m_IsActive: 1
--- !u!4 &4489073376215880674
Transform:
  m_ObjectHideFlags: 0
  m_CorrespondingSourceObject: {fileID: 0}
  m_PrefabInstance: {fileID: 0}
  m_PrefabAsset: {fileID: 0}
  m_GameObject: {fileID: 4489073376215880672}
  m_LocalRotation: {x: -0, y: -0, z: -0, w: 1}
  m_LocalPosition: {x: -0.25, y: -6.27, z: 0}
  m_LocalScale: {x: 0.48, y: 1.36, z: 1}
  m_Children: []
  m_Father: {fileID: 4489073375905341385}
  m_RootOrder: 0
  m_LocalEulerAnglesHint: {x: 0, y: 0, z: 0}
--- !u!114 &4489073376215880673
MonoBehaviour:
  m_ObjectHideFlags: 0
  m_CorrespondingSourceObject: {fileID: 0}
  m_PrefabInstance: {fileID: 0}
  m_PrefabAsset: {fileID: 0}
  m_GameObject: {fileID: 4489073376215880672}
  m_Enabled: 1
  m_EditorHideFlags: 0
  m_Script: {fileID: 11500000, guid: 99091f75dac5d4ede961d37f71798fc6, type: 3}
  m_Name: 
  m_EditorClassIdentifier: 
  m_Record: 0
  m_TargetTransform: {fileID: 4489073377231466220}
  m_NumBones: 2
  m_Weight: 1
  m_RestoreDefaultPose: 1
  m_OrientChild: 0
  flip: 1
  m_Solver:
    m_RootBoneTransform: {fileID: 4489073377884772847}
    m_SolverPoses:
    - m_BoneTransform: {fileID: 4489073377884772847}
      solverPosition: {x: 0, y: 0, z: 0}
      solverRotation: {x: 0, y: 0, z: 0.9994299, w: 0.033763263}
      defaultLocalRotation: {x: 0, y: 0, z: 0.99937695, w: 0.0352956}
    - m_BoneTransform: {fileID: 4489073377231466220}
      solverPosition: {x: 0, y: 0, z: 0}
      solverRotation: {x: 0, y: 0, z: 0, w: 1}
      defaultLocalRotation: {x: 0, y: 0, z: 0.009580291, w: 0.9999541}
    m_Weight: 1
    m_RestoreDefaultPose: 1
    targetPosition: {x: 0.29263416, y: -4.685136, z: -1.472093}
    flip: 1
--- !u!1 &4489073376242317616
GameObject:
  m_ObjectHideFlags: 0
  m_CorrespondingSourceObject: {fileID: 0}
  m_PrefabInstance: {fileID: 0}
  m_PrefabAsset: {fileID: 0}
  serializedVersion: 6
  m_Component:
  - component: {fileID: 4489073376242317617}
  m_Layer: 0
  m_Name: huesos
  m_TagString: Untagged
  m_Icon: {fileID: 0}
  m_NavMeshLayer: 0
  m_StaticEditorFlags: 0
  m_IsActive: 1
--- !u!4 &4489073376242317617
Transform:
  m_ObjectHideFlags: 0
  m_CorrespondingSourceObject: {fileID: 0}
  m_PrefabInstance: {fileID: 0}
  m_PrefabAsset: {fileID: 0}
  m_GameObject: {fileID: 4489073376242317616}
  m_LocalRotation: {x: 0, y: 0, z: 0, w: 1}
  m_LocalPosition: {x: 0, y: 0, z: 0}
  m_LocalScale: {x: 1, y: 1, z: 1}
  m_Children:
  - {fileID: 4489073376881540563}
  m_Father: {fileID: 4489073376421540197}
  m_RootOrder: 6
  m_LocalEulerAnglesHint: {x: 0, y: 0, z: 0}
--- !u!1 &4489073376339242126
GameObject:
  m_ObjectHideFlags: 0
  m_CorrespondingSourceObject: {fileID: 0}
  m_PrefabInstance: {fileID: 0}
  m_PrefabAsset: {fileID: 0}
  serializedVersion: 6
  m_Component:
  - component: {fileID: 4489073376339242127}
  - component: {fileID: 4489073376339242128}
  m_Layer: 0
  m_Name: pie der
  m_TagString: Untagged
  m_Icon: {fileID: 0}
  m_NavMeshLayer: 0
  m_StaticEditorFlags: 0
  m_IsActive: 1
--- !u!4 &4489073376339242127
Transform:
  m_ObjectHideFlags: 0
  m_CorrespondingSourceObject: {fileID: 0}
  m_PrefabInstance: {fileID: 0}
  m_PrefabAsset: {fileID: 0}
  m_GameObject: {fileID: 4489073376339242126}
  m_LocalRotation: {x: 0, y: 0, z: 0.6266338, w: 0.7793139}
  m_LocalPosition: {x: 1.1600007, y: 0.000000074505806, z: 0}
  m_LocalScale: {x: 1, y: 1, z: 1}
  m_Children: []
  m_Father: {fileID: 4489073375936115702}
  m_RootOrder: 0
  m_LocalEulerAnglesHint: {x: 0, y: 0, z: 77.604004}
--- !u!114 &4489073376339242128
MonoBehaviour:
  m_ObjectHideFlags: 0
  m_CorrespondingSourceObject: {fileID: 0}
  m_PrefabInstance: {fileID: 0}
  m_PrefabAsset: {fileID: 0}
  m_GameObject: {fileID: 4489073376339242126}
  m_Enabled: 1
  m_EditorHideFlags: 0
  m_Script: {fileID: 11500000, guid: 03b157d7625014c58bfbad3513f40289, type: 3}
  m_Name: 
  m_EditorClassIdentifier: 
  m_Color: {r: 1, g: 1, b: 1, a: 1}
  m_Length: 0.65
  m_ChildTransform: {fileID: 0}
  m_AttachedIK: {fileID: 0}
--- !u!1 &4489073376376266029
GameObject:
  m_ObjectHideFlags: 0
  m_CorrespondingSourceObject: {fileID: 0}
  m_PrefabInstance: {fileID: 0}
  m_PrefabAsset: {fileID: 0}
  serializedVersion: 6
  m_Component:
  - component: {fileID: 4489073376376266030}
  - component: {fileID: 4489073376376266031}
  m_Layer: 0
  m_Name: pierna der
  m_TagString: Untagged
  m_Icon: {fileID: 0}
  m_NavMeshLayer: 0
  m_StaticEditorFlags: 0
  m_IsActive: 1
--- !u!4 &4489073376376266030
Transform:
  m_ObjectHideFlags: 0
  m_CorrespondingSourceObject: {fileID: 0}
  m_PrefabInstance: {fileID: 0}
  m_PrefabAsset: {fileID: 0}
  m_GameObject: {fileID: 4489073376376266029}
  m_LocalRotation: {x: 0, y: 0, z: -0.994058, w: 0.10885189}
  m_LocalPosition: {x: -0.18, y: -0.46, z: 0}
  m_LocalScale: {x: 1, y: 1, z: 1}
  m_Children:
  - {fileID: 4489073375936115702}
  m_Father: {fileID: 4489073376881540563}
  m_RootOrder: 2
  m_LocalEulerAnglesHint: {x: 0, y: 0, z: -167.501}
--- !u!114 &4489073376376266031
MonoBehaviour:
  m_ObjectHideFlags: 0
  m_CorrespondingSourceObject: {fileID: 0}
  m_PrefabInstance: {fileID: 0}
  m_PrefabAsset: {fileID: 0}
  m_GameObject: {fileID: 4489073376376266029}
  m_Enabled: 1
  m_EditorHideFlags: 0
  m_Script: {fileID: 11500000, guid: 03b157d7625014c58bfbad3513f40289, type: 3}
  m_Name: 
  m_EditorClassIdentifier: 
  m_Color: {r: 1, g: 1, b: 1, a: 1}
  m_Length: 1.3600017
  m_ChildTransform: {fileID: 4489073375936115702}
  m_AttachedIK: {fileID: 4489073377413292736}
--- !u!1 &4489073376421540196
GameObject:
  m_ObjectHideFlags: 0
  m_CorrespondingSourceObject: {fileID: 0}
  m_PrefabInstance: {fileID: 0}
  m_PrefabAsset: {fileID: 0}
  serializedVersion: 6
  m_Component:
  - component: {fileID: 4489073376421540197}
  - component: {fileID: 4489073376421540198}
  - component: {fileID: 4489073376421540199}
  - component: {fileID: 1303242580}
  - component: {fileID: 1303242579}
  - component: {fileID: 1303242578}
  m_Layer: 0
  m_Name: Estudiante M
  m_TagString: NPC
  m_Icon: {fileID: 0}
  m_NavMeshLayer: 0
  m_StaticEditorFlags: 0
  m_IsActive: 1
--- !u!4 &4489073376421540197
Transform:
  m_ObjectHideFlags: 0
  m_CorrespondingSourceObject: {fileID: 0}
  m_PrefabInstance: {fileID: 0}
  m_PrefabAsset: {fileID: 0}
  m_GameObject: {fileID: 4489073376421540196}
  m_LocalRotation: {x: 0, y: 0, z: 0, w: 1}
  m_LocalPosition: {x: -0.81079, y: -0.84361, z: 0}
  m_LocalScale: {x: 0.14946346, y: 0.14946346, z: 0.14946346}
  m_Children:
  - {fileID: 4489073377887698786}
  - {fileID: 4489073375845803810}
  - {fileID: 4489073376472776027}
  - {fileID: 4489073377417984642}
  - {fileID: 4489073376159345602}
  - {fileID: 4489073375905341385}
  - {fileID: 4489073376242317617}
  m_Father: {fileID: 0}
  m_RootOrder: 0
  m_LocalEulerAnglesHint: {x: 0, y: 0, z: 0}
--- !u!114 &4489073376421540198
MonoBehaviour:
  m_ObjectHideFlags: 0
  m_CorrespondingSourceObject: {fileID: 0}
  m_PrefabInstance: {fileID: 0}
  m_PrefabAsset: {fileID: 0}
  m_GameObject: {fileID: 4489073376421540196}
  m_Enabled: 1
  m_EditorHideFlags: 0
  m_Script: {fileID: 11500000, guid: 533669fe702b5414cbcdd5a5efeb8e36, type: 3}
  m_Name: 
  m_EditorClassIdentifier: 
  m_Poses:
  - {fileID: 0}
  - {fileID: 11400000, guid: 4bf43d0640c3c7e4e9ed104752237074, type: 2}
--- !u!95 &4489073376421540199
Animator:
  serializedVersion: 3
  m_ObjectHideFlags: 0
  m_CorrespondingSourceObject: {fileID: 0}
  m_PrefabInstance: {fileID: 0}
  m_PrefabAsset: {fileID: 0}
  m_GameObject: {fileID: 4489073376421540196}
  m_Enabled: 1
  m_Avatar: {fileID: 0}
  m_Controller: {fileID: 9100000, guid: a9870acaeff322c459634e0dc645f962, type: 2}
  m_CullingMode: 0
  m_UpdateMode: 0
  m_ApplyRootMotion: 0
  m_LinearVelocityBlending: 0
  m_WarningMessage: 
  m_HasTransformHierarchy: 1
  m_AllowConstantClipSamplingOptimization: 1
  m_KeepAnimatorControllerStateOnDisable: 0
--- !u!61 &1303242580
BoxCollider2D:
  m_ObjectHideFlags: 0
  m_CorrespondingSourceObject: {fileID: 0}
  m_PrefabInstance: {fileID: 0}
  m_PrefabAsset: {fileID: 0}
  m_GameObject: {fileID: 4489073376421540196}
  m_Enabled: 1
  m_Density: 1
  m_Material: {fileID: 0}
  m_IsTrigger: 0
  m_UsedByEffector: 0
  m_UsedByComposite: 0
  m_Offset: {x: 0.65100217, y: -1.4027452}
  m_SpriteTilingProperty:
    border: {x: 0, y: 0, z: 0, w: 0}
    pivot: {x: 0.5, y: 0.5}
    oldSize: {x: 10.8, y: 13.65}
    newSize: {x: 5.94, y: 8.4}
    adaptiveTilingThreshold: 0.5
    drawMode: 0
    adaptiveTiling: 0
  m_AutoTiling: 0
  serializedVersion: 2
  m_Size: {x: 3.904961, y: 11.7102585}
  m_EdgeRadius: 0
--- !u!114 &1303242579
MonoBehaviour:
  m_ObjectHideFlags: 0
  m_CorrespondingSourceObject: {fileID: 0}
  m_PrefabInstance: {fileID: 0}
  m_PrefabAsset: {fileID: 0}
  m_GameObject: {fileID: 4489073376421540196}
  m_Enabled: 1
  m_EditorHideFlags: 0
  m_Script: {fileID: 11500000, guid: 811b7600a3b47304ebfd94504da2b8a3, type: 3}
  m_Name: 
  m_EditorClassIdentifier: 
  npc: {fileID: 11400000, guid: d511f2e7b59889a499cf606ce549923f, type: 2}
  dialogue: {fileID: 0}
  talked1: 0
  talked2: 0
  puzzle1Com: 0
  puzzle2Com: 0
--- !u!114 &1303242578
MonoBehaviour:
  m_ObjectHideFlags: 0
  m_CorrespondingSourceObject: {fileID: 0}
  m_PrefabInstance: {fileID: 0}
  m_PrefabAsset: {fileID: 0}
  m_GameObject: {fileID: 4489073376421540196}
  m_Enabled: 1
  m_EditorHideFlags: 0
  m_Script: {fileID: 11500000, guid: 785403f3c20a9e24586d2c731d14ea2c, type: 3}
  m_Name: 
  m_EditorClassIdentifier: 
  cursor: {fileID: 2800000, guid: 5dfa906bca8fbb94eae763672419544d, type: 3}
  cursorMano: {fileID: 2800000, guid: 95ca737f655a6bc42a9c1dc7cc41102d, type: 3}
--- !u!1 &4489073376455806071
GameObject:
  m_ObjectHideFlags: 0
  m_CorrespondingSourceObject: {fileID: 0}
  m_PrefabInstance: {fileID: 0}
  m_PrefabAsset: {fileID: 0}
  serializedVersion: 6
  m_Component:
  - component: {fileID: 4489073376455806072}
  - component: {fileID: 4489073376455806073}
  m_Layer: 0
  m_Name: espalda
  m_TagString: Untagged
  m_Icon: {fileID: 0}
  m_NavMeshLayer: 0
  m_StaticEditorFlags: 0
  m_IsActive: 1
--- !u!4 &4489073376455806072
Transform:
  m_ObjectHideFlags: 0
  m_CorrespondingSourceObject: {fileID: 0}
  m_PrefabInstance: {fileID: 0}
  m_PrefabAsset: {fileID: 0}
  m_GameObject: {fileID: 4489073376455806071}
  m_LocalRotation: {x: 0, y: 0, z: 0.036915496, w: 0.9993184}
  m_LocalPosition: {x: 1.0000002, y: 0, z: 0}
  m_LocalScale: {x: 1.6, y: 1, z: 1}
  m_Children:
  - {fileID: 4489073377064878347}
  - {fileID: 4489073377601679576}
  m_Father: {fileID: 4489073376881540563}
  m_RootOrder: 0
  m_LocalEulerAnglesHint: {x: 0, y: 0, z: 4.2310004}
--- !u!114 &4489073376455806073
MonoBehaviour:
  m_ObjectHideFlags: 0
  m_CorrespondingSourceObject: {fileID: 0}
  m_PrefabInstance: {fileID: 0}
  m_PrefabAsset: {fileID: 0}
  m_GameObject: {fileID: 4489073376455806071}
  m_Enabled: 1
  m_EditorHideFlags: 0
  m_Script: {fileID: 11500000, guid: 03b157d7625014c58bfbad3513f40289, type: 3}
  m_Name: 
  m_EditorClassIdentifier: 
  m_Color: {r: 1, g: 1, b: 1, a: 1}
  m_Length: 1.0000004
  m_ChildTransform: {fileID: 4489073377064878347}
  m_AttachedIK: {fileID: 0}
--- !u!1 &4489073376472776026
GameObject:
  m_ObjectHideFlags: 0
  m_CorrespondingSourceObject: {fileID: 0}
  m_PrefabInstance: {fileID: 0}
  m_PrefabAsset: {fileID: 0}
  serializedVersion: 6
  m_Component:
  - component: {fileID: 4489073376472776027}
  - component: {fileID: 4489073376472776030}
  - component: {fileID: 4489073376472776028}
  m_Layer: 0
  m_Name: estudiante design atlas_3
  m_TagString: Untagged
  m_Icon: {fileID: 0}
  m_NavMeshLayer: 0
  m_StaticEditorFlags: 0
  m_IsActive: 1
--- !u!4 &4489073376472776027
Transform:
  m_ObjectHideFlags: 0
  m_CorrespondingSourceObject: {fileID: 0}
  m_PrefabInstance: {fileID: 0}
  m_PrefabAsset: {fileID: 0}
  m_GameObject: {fileID: 4489073376472776026}
  m_LocalRotation: {x: -0, y: -0, z: -0, w: 1}
  m_LocalPosition: {x: 1.59, y: -4.45, z: 0}
  m_LocalScale: {x: 1, y: 1, z: 1}
  m_Children: []
  m_Father: {fileID: 4489073376421540197}
  m_RootOrder: 2
  m_LocalEulerAnglesHint: {x: 0, y: 0, z: 0}
--- !u!114 &4489073376472776030
MonoBehaviour:
  m_ObjectHideFlags: 0
  m_CorrespondingSourceObject: {fileID: 0}
  m_PrefabInstance: {fileID: 0}
  m_PrefabAsset: {fileID: 0}
  m_GameObject: {fileID: 4489073376472776026}
  m_Enabled: 1
  m_EditorHideFlags: 0
  m_Script: {fileID: 11500000, guid: 5ec17ceaa560940e9bf0dbeafc3a1971, type: 3}
  m_Name: 
  m_EditorClassIdentifier: 
  m_SpriteMesh: {fileID: 11400000, guid: f96a821857d88c44eafb23bd7ea896cb, type: 2}
  m_Color: {r: 1, g: 1, b: 1, a: 1}
  m_Materials:
  - {fileID: 10754, guid: 0000000000000000f000000000000000, type: 0}
  m_SortingLayerID: 0
  m_SortingOrder: 0
  m_BoneTransforms:
  - {fileID: 4489073376376266030}
  - {fileID: 4489073375936115702}
  - {fileID: 4489073376339242127}
--- !u!137 &4489073376472776028
SkinnedMeshRenderer:
  m_ObjectHideFlags: 0
  m_CorrespondingSourceObject: {fileID: 0}
  m_PrefabInstance: {fileID: 0}
  m_PrefabAsset: {fileID: 0}
  m_GameObject: {fileID: 4489073376472776026}
  m_Enabled: 1
  m_CastShadows: 1
  m_ReceiveShadows: 1
  m_DynamicOccludee: 1
  m_MotionVectors: 1
  m_LightProbeUsage: 1
  m_ReflectionProbeUsage: 1
  m_RayTracingMode: 0
  m_RenderingLayerMask: 1
  m_RendererPriority: 0
  m_Materials:
  - {fileID: 10754, guid: 0000000000000000f000000000000000, type: 0}
  m_StaticBatchInfo:
    firstSubMesh: 0
    subMeshCount: 0
  m_StaticBatchRoot: {fileID: 0}
  m_ProbeAnchor: {fileID: 0}
  m_LightProbeVolumeOverride: {fileID: 0}
  m_ScaleInLightmap: 1
  m_ReceiveGI: 1
  m_PreserveUVs: 0
  m_IgnoreNormalsForChartDetection: 0
  m_ImportantGI: 0
  m_StitchLightmapSeams: 1
  m_SelectedEditorRenderState: 3
  m_MinimumChartSize: 4
  m_AutoUVMaxDistance: 0.5
  m_AutoUVMaxAngle: 89
  m_LightmapParameters: {fileID: 0}
  m_SortingLayerID: 0
  m_SortingLayer: 0
  m_SortingOrder: 0
  serializedVersion: 2
  m_Quality: 0
  m_UpdateWhenOffscreen: 0
  m_SkinnedMotionVectors: 1
  m_Mesh: {fileID: 0}
  m_Bones:
  - {fileID: 4489073376376266030}
  - {fileID: 4489073375936115702}
  - {fileID: 4489073376339242127}
  m_BlendShapeWeights: []
  m_RootBone: {fileID: 4489073376376266030}
  m_AABB:
    m_Center: {x: 1.4297185, y: -0.19522014, z: 0}
    m_Extent: {x: 1.7658525, y: 1.1005037, z: 0}
  m_DirtyAABB: 0
--- !u!1 &4489073376682577124
GameObject:
  m_ObjectHideFlags: 0
  m_CorrespondingSourceObject: {fileID: 0}
  m_PrefabInstance: {fileID: 0}
  m_PrefabAsset: {fileID: 0}
  serializedVersion: 6
  m_Component:
  - component: {fileID: 4489073376682577125}
  - component: {fileID: 4489073376682577126}
  m_Layer: 0
  m_Name: pie izq
  m_TagString: Untagged
  m_Icon: {fileID: 0}
  m_NavMeshLayer: 0
  m_StaticEditorFlags: 0
  m_IsActive: 1
--- !u!4 &4489073376682577125
Transform:
  m_ObjectHideFlags: 0
  m_CorrespondingSourceObject: {fileID: 0}
  m_PrefabInstance: {fileID: 0}
  m_PrefabAsset: {fileID: 0}
  m_GameObject: {fileID: 4489073376682577124}
  m_LocalRotation: {x: 0, y: 0, z: -0.35378617, w: -0.93532634}
  m_LocalPosition: {x: 1, y: -0.06, z: 0}
  m_LocalScale: {x: 1, y: 1, z: 1}
  m_Children: []
  m_Father: {fileID: 4489073377231466220}
  m_RootOrder: 0
  m_LocalEulerAnglesHint: {x: 0, y: 0, z: 41.438004}
--- !u!114 &4489073376682577126
MonoBehaviour:
  m_ObjectHideFlags: 0
  m_CorrespondingSourceObject: {fileID: 0}
  m_PrefabInstance: {fileID: 0}
  m_PrefabAsset: {fileID: 0}
  m_GameObject: {fileID: 4489073376682577124}
  m_Enabled: 1
  m_EditorHideFlags: 0
  m_Script: {fileID: 11500000, guid: 03b157d7625014c58bfbad3513f40289, type: 3}
  m_Name: 
  m_EditorClassIdentifier: 
  m_Color: {r: 1, g: 1, b: 1, a: 1}
  m_Length: 0.6
  m_ChildTransform: {fileID: 0}
  m_AttachedIK: {fileID: 0}
--- !u!1 &4489073376764895604
GameObject:
  m_ObjectHideFlags: 0
  m_CorrespondingSourceObject: {fileID: 0}
  m_PrefabInstance: {fileID: 0}
  m_PrefabAsset: {fileID: 0}
  serializedVersion: 6
  m_Component:
  - component: {fileID: 4489073376764895605}
  - component: {fileID: 4489073376764895606}
  m_Layer: 0
  m_Name: mano izq
  m_TagString: Untagged
  m_Icon: {fileID: 0}
  m_NavMeshLayer: 0
  m_StaticEditorFlags: 0
  m_IsActive: 1
--- !u!4 &4489073376764895605
Transform:
  m_ObjectHideFlags: 0
  m_CorrespondingSourceObject: {fileID: 0}
  m_PrefabInstance: {fileID: 0}
  m_PrefabAsset: {fileID: 0}
  m_GameObject: {fileID: 4489073376764895604}
  m_LocalRotation: {x: 0, y: 0, z: 0.24846645, w: 0.9686405}
  m_LocalPosition: {x: 0.82000035, y: 0.00000017881393, z: 0}
  m_LocalScale: {x: 1, y: 1, z: 1}
  m_Children: []
  m_Father: {fileID: 4489073377601679576}
  m_RootOrder: 0
  m_LocalEulerAnglesHint: {x: 0, y: 0, z: 28.774002}
--- !u!114 &4489073376764895606
MonoBehaviour:
  m_ObjectHideFlags: 0
  m_CorrespondingSourceObject: {fileID: 0}
  m_PrefabInstance: {fileID: 0}
  m_PrefabAsset: {fileID: 0}
  m_GameObject: {fileID: 4489073376764895604}
  m_Enabled: 1
  m_EditorHideFlags: 0
  m_Script: {fileID: 11500000, guid: 03b157d7625014c58bfbad3513f40289, type: 3}
  m_Name: 
  m_EditorClassIdentifier: 
  m_Color: {r: 1, g: 1, b: 1, a: 1}
  m_Length: 0.69
  m_ChildTransform: {fileID: 0}
  m_AttachedIK: {fileID: 4489073377568244813}
--- !u!1 &4489073376881540562
GameObject:
  m_ObjectHideFlags: 0
  m_CorrespondingSourceObject: {fileID: 0}
  m_PrefabInstance: {fileID: 0}
  m_PrefabAsset: {fileID: 0}
  serializedVersion: 6
  m_Component:
  - component: {fileID: 4489073376881540563}
  - component: {fileID: 4489073376881540564}
  m_Layer: 0
  m_Name: cadera
  m_TagString: Untagged
  m_Icon: {fileID: 0}
  m_NavMeshLayer: 0
  m_StaticEditorFlags: 0
  m_IsActive: 1
--- !u!4 &4489073376881540563
Transform:
  m_ObjectHideFlags: 0
  m_CorrespondingSourceObject: {fileID: 0}
  m_PrefabInstance: {fileID: 0}
  m_PrefabAsset: {fileID: 0}
  m_GameObject: {fileID: 4489073376881540562}
  m_LocalRotation: {x: 0, y: 0, z: 0.68945324, w: 0.72433025}
  m_LocalPosition: {x: 0.8, y: -2.17, z: 0}
  m_LocalScale: {x: 1.55, y: 1.3, z: 1}
  m_Children:
  - {fileID: 4489073376455806072}
  - {fileID: 4489073377884772847}
  - {fileID: 4489073376376266030}
  m_Father: {fileID: 4489073376242317617}
  m_RootOrder: 0
  m_LocalEulerAnglesHint: {x: 0, y: 0, z: 87.174}
--- !u!114 &4489073376881540564
MonoBehaviour:
  m_ObjectHideFlags: 0
  m_CorrespondingSourceObject: {fileID: 0}
  m_PrefabInstance: {fileID: 0}
  m_PrefabAsset: {fileID: 0}
  m_GameObject: {fileID: 4489073376881540562}
  m_Enabled: 1
  m_EditorHideFlags: 0
  m_Script: {fileID: 11500000, guid: 03b157d7625014c58bfbad3513f40289, type: 3}
  m_Name: 
  m_EditorClassIdentifier: 
  m_Color: {r: 1, g: 1, b: 1, a: 1}
  m_Length: 1.0000002
  m_ChildTransform: {fileID: 4489073376455806072}
  m_AttachedIK: {fileID: 0}
--- !u!1 &4489073377064878346
GameObject:
  m_ObjectHideFlags: 0
  m_CorrespondingSourceObject: {fileID: 0}
  m_PrefabInstance: {fileID: 0}
  m_PrefabAsset: {fileID: 0}
  serializedVersion: 6
  m_Component:
  - component: {fileID: 4489073377064878347}
  - component: {fileID: 4489073377064878348}
  m_Layer: 0
  m_Name: cabeza
  m_TagString: Untagged
  m_Icon: {fileID: 0}
  m_NavMeshLayer: 0
  m_StaticEditorFlags: 0
  m_IsActive: 1
--- !u!4 &4489073377064878347
Transform:
  m_ObjectHideFlags: 0
  m_CorrespondingSourceObject: {fileID: 0}
  m_PrefabInstance: {fileID: 0}
  m_PrefabAsset: {fileID: 0}
  m_GameObject: {fileID: 4489073377064878346}
  m_LocalRotation: {x: 0, y: 0, z: 0.12887542, w: 0.99166083}
  m_LocalPosition: {x: 1.0000004, y: -0.0000000554719, z: 0}
  m_LocalScale: {x: 1, y: 1, z: 1}
  m_Children: []
  m_Father: {fileID: 4489073376455806072}
  m_RootOrder: 0
  m_LocalEulerAnglesHint: {x: 0, y: 0, z: 14.809001}
--- !u!114 &4489073377064878348
MonoBehaviour:
  m_ObjectHideFlags: 0
  m_CorrespondingSourceObject: {fileID: 0}
  m_PrefabInstance: {fileID: 0}
  m_PrefabAsset: {fileID: 0}
  m_GameObject: {fileID: 4489073377064878346}
  m_Enabled: 1
  m_EditorHideFlags: 0
  m_Script: {fileID: 11500000, guid: 03b157d7625014c58bfbad3513f40289, type: 3}
  m_Name: 
  m_EditorClassIdentifier: 
  m_Color: {r: 1, g: 1, b: 1, a: 1}
  m_Length: 0.79
  m_ChildTransform: {fileID: 0}
  m_AttachedIK: {fileID: 0}
--- !u!1 &4489073377231466219
GameObject:
  m_ObjectHideFlags: 0
  m_CorrespondingSourceObject: {fileID: 0}
  m_PrefabInstance: {fileID: 0}
  m_PrefabAsset: {fileID: 0}
  serializedVersion: 6
  m_Component:
  - component: {fileID: 4489073377231466220}
  - component: {fileID: 4489073377231466221}
  m_Layer: 0
  m_Name: rodila izq
  m_TagString: Untagged
  m_Icon: {fileID: 0}
  m_NavMeshLayer: 0
  m_StaticEditorFlags: 0
  m_IsActive: 1
--- !u!4 &4489073377231466220
Transform:
  m_ObjectHideFlags: 0
  m_CorrespondingSourceObject: {fileID: 0}
  m_PrefabInstance: {fileID: 0}
  m_PrefabAsset: {fileID: 0}
  m_GameObject: {fileID: 4489073377231466219}
  m_LocalRotation: {x: 0, y: 0, z: 0, w: 1}
  m_LocalPosition: {x: 1.3900012, y: 0, z: 0}
  m_LocalScale: {x: 1, y: 1, z: 1}
  m_Children:
  - {fileID: 4489073376682577125}
  m_Father: {fileID: 4489073377884772847}
  m_RootOrder: 0
  m_LocalEulerAnglesHint: {x: 0, y: 0, z: 0}
--- !u!114 &4489073377231466221
MonoBehaviour:
  m_ObjectHideFlags: 0
  m_CorrespondingSourceObject: {fileID: 0}
  m_PrefabInstance: {fileID: 0}
  m_PrefabAsset: {fileID: 0}
  m_GameObject: {fileID: 4489073377231466219}
  m_Enabled: 1
  m_EditorHideFlags: 0
  m_Script: {fileID: 11500000, guid: 03b157d7625014c58bfbad3513f40289, type: 3}
  m_Name: 
  m_EditorClassIdentifier: 
  m_Color: {r: 1, g: 1, b: 1, a: 1}
  m_Length: 1.0000013
  m_ChildTransform: {fileID: 4489073376682577125}
  m_AttachedIK: {fileID: 4489073376215880673}
--- !u!1 &4489073377413292799
GameObject:
  m_ObjectHideFlags: 0
  m_CorrespondingSourceObject: {fileID: 0}
  m_PrefabInstance: {fileID: 0}
  m_PrefabAsset: {fileID: 0}
  serializedVersion: 6
  m_Component:
  - component: {fileID: 4489073377413292737}
  - component: {fileID: 4489073377413292736}
  m_Layer: 0
  m_Name: RODILLA DER
  m_TagString: Untagged
  m_Icon: {fileID: 0}
  m_NavMeshLayer: 0
  m_StaticEditorFlags: 0
  m_IsActive: 1
--- !u!4 &4489073377413292737
Transform:
  m_ObjectHideFlags: 0
  m_CorrespondingSourceObject: {fileID: 0}
  m_PrefabInstance: {fileID: 0}
  m_PrefabAsset: {fileID: 0}
  m_GameObject: {fileID: 4489073377413292799}
  m_LocalRotation: {x: -0, y: -0, z: -0, w: 1}
  m_LocalPosition: {x: 1.64, y: -6.33, z: 0}
  m_LocalScale: {x: 1, y: 1, z: 1}
  m_Children: []
  m_Father: {fileID: 4489073375905341385}
  m_RootOrder: 1
  m_LocalEulerAnglesHint: {x: 0, y: 0, z: 0}
--- !u!114 &4489073377413292736
MonoBehaviour:
  m_ObjectHideFlags: 0
  m_CorrespondingSourceObject: {fileID: 0}
  m_PrefabInstance: {fileID: 0}
  m_PrefabAsset: {fileID: 0}
  m_GameObject: {fileID: 4489073377413292799}
  m_Enabled: 1
  m_EditorHideFlags: 0
  m_Script: {fileID: 11500000, guid: 99091f75dac5d4ede961d37f71798fc6, type: 3}
  m_Name: 
  m_EditorClassIdentifier: 
  m_Record: 0
  m_TargetTransform: {fileID: 4489073375936115702}
  m_NumBones: 2
  m_Weight: 1
  m_RestoreDefaultPose: 1
  m_OrientChild: 0
  flip: 1
  m_Solver:
    m_RootBoneTransform: {fileID: 4489073376376266030}
    m_SolverPoses:
    - m_BoneTransform: {fileID: 4489073376376266030}
      solverPosition: {x: 0, y: 0, z: 0}
      solverRotation: {x: 0, y: 0, z: -0.99405795, w: 0.10885188}
      defaultLocalRotation: {x: 0, y: 0, z: -0.9911083, w: 0.13305819}
    - m_BoneTransform: {fileID: 4489073375936115702}
      solverPosition: {x: 0, y: 0, z: 0}
      solverRotation: {x: 0, y: 0, z: -0.11033401, w: 0.9938946}
      defaultLocalRotation: {x: 0, y: 0, z: -0.14601031, w: 0.9892831}
    m_Weight: 1
    m_RestoreDefaultPose: 1
    targetPosition: {x: 0.5751201, y: -4.6941037, z: -1.472093}
    flip: 1
--- !u!1 &4489073377417984641
GameObject:
  m_ObjectHideFlags: 0
  m_CorrespondingSourceObject: {fileID: 0}
  m_PrefabInstance: {fileID: 0}
  m_PrefabAsset: {fileID: 0}
  serializedVersion: 6
  m_Component:
  - component: {fileID: 4489073377417984642}
  - component: {fileID: 4489073377417984645}
  - component: {fileID: 4489073377417984643}
  m_Layer: 0
  m_Name: estudiante design atlas_4
  m_TagString: Untagged
  m_Icon: {fileID: 0}
  m_NavMeshLayer: 0
  m_StaticEditorFlags: 0
  m_IsActive: 1
--- !u!4 &4489073377417984642
Transform:
  m_ObjectHideFlags: 0
  m_CorrespondingSourceObject: {fileID: 0}
  m_PrefabInstance: {fileID: 0}
  m_PrefabAsset: {fileID: 0}
  m_GameObject: {fileID: 4489073377417984641}
  m_LocalRotation: {x: -0, y: -0, z: -0, w: 1}
  m_LocalPosition: {x: 0.05, y: -4.68, z: 0}
  m_LocalScale: {x: 1, y: 1, z: 1}
  m_Children: []
  m_Father: {fileID: 4489073376421540197}
  m_RootOrder: 3
  m_LocalEulerAnglesHint: {x: 0, y: 0, z: 0}
--- !u!114 &4489073377417984645
MonoBehaviour:
  m_ObjectHideFlags: 0
  m_CorrespondingSourceObject: {fileID: 0}
  m_PrefabInstance: {fileID: 0}
  m_PrefabAsset: {fileID: 0}
  m_GameObject: {fileID: 4489073377417984641}
  m_Enabled: 1
  m_EditorHideFlags: 0
  m_Script: {fileID: 11500000, guid: 5ec17ceaa560940e9bf0dbeafc3a1971, type: 3}
  m_Name: 
  m_EditorClassIdentifier: 
  m_SpriteMesh: {fileID: 11400000, guid: d2fe27c47a36c774193265724ba3977b, type: 2}
  m_Color: {r: 1, g: 1, b: 1, a: 1}
  m_Materials:
  - {fileID: 10754, guid: 0000000000000000f000000000000000, type: 0}
  m_SortingLayerID: 0
  m_SortingOrder: 0
  m_BoneTransforms:
  - {fileID: 4489073377884772847}
  - {fileID: 4489073377231466220}
  - {fileID: 4489073376682577125}
--- !u!137 &4489073377417984643
SkinnedMeshRenderer:
  m_ObjectHideFlags: 0
  m_CorrespondingSourceObject: {fileID: 0}
  m_PrefabInstance: {fileID: 0}
  m_PrefabAsset: {fileID: 0}
  m_GameObject: {fileID: 4489073377417984641}
  m_Enabled: 1
  m_CastShadows: 1
  m_ReceiveShadows: 1
  m_DynamicOccludee: 1
  m_MotionVectors: 1
  m_LightProbeUsage: 1
  m_ReflectionProbeUsage: 1
  m_RayTracingMode: 0
  m_RenderingLayerMask: 1
  m_RendererPriority: 0
  m_Materials:
  - {fileID: 10754, guid: 0000000000000000f000000000000000, type: 0}
  m_StaticBatchInfo:
    firstSubMesh: 0
    subMeshCount: 0
  m_StaticBatchRoot: {fileID: 0}
  m_ProbeAnchor: {fileID: 0}
  m_LightProbeVolumeOverride: {fileID: 0}
  m_ScaleInLightmap: 1
  m_ReceiveGI: 1
  m_PreserveUVs: 0
  m_IgnoreNormalsForChartDetection: 0
  m_ImportantGI: 0
  m_StitchLightmapSeams: 1
  m_SelectedEditorRenderState: 3
  m_MinimumChartSize: 4
  m_AutoUVMaxDistance: 0.5
  m_AutoUVMaxAngle: 89
  m_LightmapParameters: {fileID: 0}
  m_SortingLayerID: 0
  m_SortingLayer: 0
  m_SortingOrder: 0
  serializedVersion: 2
  m_Quality: 0
  m_UpdateWhenOffscreen: 0
  m_SkinnedMotionVectors: 1
  m_Mesh: {fileID: 0}
  m_Bones:
  - {fileID: 4489073377884772847}
  - {fileID: 4489073377231466220}
  - {fileID: 4489073376682577125}
  m_BlendShapeWeights: []
  m_RootBone: {fileID: 4489073377884772847}
  m_AABB:
    m_Center: {x: 1.3976717, y: -0.13676792, z: 0}
    m_Extent: {x: 1.7215214, y: 0.9396444, z: 0}
  m_DirtyAABB: 0
--- !u!1 &4489073377568244812
GameObject:
  m_ObjectHideFlags: 0
  m_CorrespondingSourceObject: {fileID: 0}
  m_PrefabInstance: {fileID: 0}
  m_PrefabAsset: {fileID: 0}
  serializedVersion: 6
  m_Component:
  - component: {fileID: 4489073377568244814}
  - component: {fileID: 4489073377568244813}
  m_Layer: 0
  m_Name: MANO IZQ
  m_TagString: Untagged
  m_Icon: {fileID: 0}
  m_NavMeshLayer: 0
  m_StaticEditorFlags: 0
  m_IsActive: 1
--- !u!4 &4489073377568244814
Transform:
  m_ObjectHideFlags: 0
  m_CorrespondingSourceObject: {fileID: 0}
  m_PrefabInstance: {fileID: 0}
  m_PrefabAsset: {fileID: 0}
  m_GameObject: {fileID: 4489073377568244812}
  m_LocalRotation: {x: -0, y: -0, z: -0, w: 1}
  m_LocalPosition: {x: -0.92, y: -2.85, z: 0}
  m_LocalScale: {x: 1, y: 1, z: 1}
  m_Children: []
  m_Father: {fileID: 4489073375905341385}
  m_RootOrder: 2
  m_LocalEulerAnglesHint: {x: 0, y: 0, z: 0}
--- !u!114 &4489073377568244813
MonoBehaviour:
  m_ObjectHideFlags: 0
  m_CorrespondingSourceObject: {fileID: 0}
  m_PrefabInstance: {fileID: 0}
  m_PrefabAsset: {fileID: 0}
  m_GameObject: {fileID: 4489073377568244812}
  m_Enabled: 1
  m_EditorHideFlags: 0
  m_Script: {fileID: 11500000, guid: 99091f75dac5d4ede961d37f71798fc6, type: 3}
  m_Name: 
  m_EditorClassIdentifier: 
  m_Record: 0
  m_TargetTransform: {fileID: 4489073376764895605}
  m_NumBones: 2
  m_Weight: 1
  m_RestoreDefaultPose: 1
  m_OrientChild: 1
  flip: 0
  m_Solver:
    m_RootBoneTransform: {fileID: 4489073377601679576}
    m_SolverPoses:
    - m_BoneTransform: {fileID: 4489073377601679576}
      solverPosition: {x: 0, y: 0, z: 0}
      solverRotation: {x: 0, y: 0, z: 0.986224, w: 0.16541533}
      defaultLocalRotation: {x: 0, y: 0, z: 0.99616295, w: 0.087518245}
    - m_BoneTransform: {fileID: 4489073376764895605}
      solverPosition: {x: 0, y: 0, z: 0}
      solverRotation: {x: 0, y: 0, z: 0.24846645, w: 0.9686405}
      defaultLocalRotation: {x: 0, y: 0, z: 0, w: 1}
    m_Weight: 1
    m_RestoreDefaultPose: 1
    targetPosition: {x: 0.19249363, y: -4.1739707, z: -1.472093}
    flip: 0
--- !u!1 &4489073377601679575
GameObject:
  m_ObjectHideFlags: 0
  m_CorrespondingSourceObject: {fileID: 0}
  m_PrefabInstance: {fileID: 0}
  m_PrefabAsset: {fileID: 0}
  serializedVersion: 6
  m_Component:
  - component: {fileID: 4489073377601679576}
  - component: {fileID: 4489073377601679577}
  m_Layer: 0
  m_Name: brazo izq
  m_TagString: Untagged
  m_Icon: {fileID: 0}
  m_NavMeshLayer: 0
  m_StaticEditorFlags: 0
  m_IsActive: 1
--- !u!4 &4489073377601679576
Transform:
  m_ObjectHideFlags: 0
  m_CorrespondingSourceObject: {fileID: 0}
  m_PrefabInstance: {fileID: 0}
  m_PrefabAsset: {fileID: 0}
  m_GameObject: {fileID: 4489073377601679575}
  m_LocalRotation: {x: 0, y: 0, z: 0.986224, w: 0.16541533}
  m_LocalPosition: {x: 0.57, y: 1.15, z: 0}
  m_LocalScale: {x: 1, y: 1, z: 1}
  m_Children:
  - {fileID: 4489073376764895605}
  m_Father: {fileID: 4489073376455806072}
  m_RootOrder: 1
  m_LocalEulerAnglesHint: {x: 0, y: 0, z: 160.957}
--- !u!114 &4489073377601679577
MonoBehaviour:
  m_ObjectHideFlags: 0
  m_CorrespondingSourceObject: {fileID: 0}
  m_PrefabInstance: {fileID: 0}
  m_PrefabAsset: {fileID: 0}
  m_GameObject: {fileID: 4489073377601679575}
  m_Enabled: 1
  m_EditorHideFlags: 0
  m_Script: {fileID: 11500000, guid: 03b157d7625014c58bfbad3513f40289, type: 3}
  m_Name: 
  m_EditorClassIdentifier: 
  m_Color: {r: 1, g: 1, b: 1, a: 1}
  m_Length: 0.8200001
  m_ChildTransform: {fileID: 4489073376764895605}
  m_AttachedIK: {fileID: 4489073377568244813}
--- !u!1 &4489073377884772846
GameObject:
  m_ObjectHideFlags: 0
  m_CorrespondingSourceObject: {fileID: 0}
  m_PrefabInstance: {fileID: 0}
  m_PrefabAsset: {fileID: 0}
  serializedVersion: 6
  m_Component:
  - component: {fileID: 4489073377884772847}
  - component: {fileID: 4489073377884772848}
  m_Layer: 0
  m_Name: pierna izq
  m_TagString: Untagged
  m_Icon: {fileID: 0}
  m_NavMeshLayer: 0
  m_StaticEditorFlags: 0
  m_IsActive: 1
--- !u!4 &4489073377884772847
Transform:
  m_ObjectHideFlags: 0
  m_CorrespondingSourceObject: {fileID: 0}
  m_PrefabInstance: {fileID: 0}
  m_PrefabAsset: {fileID: 0}
  m_GameObject: {fileID: 4489073377884772846}
  m_LocalRotation: {x: 0, y: 0, z: 0.9994299, w: 0.033763263}
  m_LocalPosition: {x: -0.26, y: 0.45639998, z: 0}
  m_LocalScale: {x: 1, y: 1, z: 1}
  m_Children:
  - {fileID: 4489073377231466220}
  m_Father: {fileID: 4489073376881540563}
  m_RootOrder: 1
  m_LocalEulerAnglesHint: {x: 0, y: 0, z: 176.13}
--- !u!114 &4489073377884772848
MonoBehaviour:
  m_ObjectHideFlags: 0
  m_CorrespondingSourceObject: {fileID: 0}
  m_PrefabInstance: {fileID: 0}
  m_PrefabAsset: {fileID: 0}
  m_GameObject: {fileID: 4489073377884772846}
  m_Enabled: 1
  m_EditorHideFlags: 0
  m_Script: {fileID: 11500000, guid: 03b157d7625014c58bfbad3513f40289, type: 3}
  m_Name: 
  m_EditorClassIdentifier: 
  m_Color: {r: 1, g: 1, b: 1, a: 1}
  m_Length: 1.3900017
  m_ChildTransform: {fileID: 4489073377231466220}
  m_AttachedIK: {fileID: 4489073376215880673}
--- !u!1 &4489073377887698785
GameObject:
  m_ObjectHideFlags: 0
  m_CorrespondingSourceObject: {fileID: 0}
  m_PrefabInstance: {fileID: 0}
  m_PrefabAsset: {fileID: 0}
  serializedVersion: 6
  m_Component:
  - component: {fileID: 4489073377887698786}
  - component: {fileID: 4489073377887698789}
  - component: {fileID: 4489073377887698787}
  m_Layer: 0
  m_Name: estudiante design atlas_0
  m_TagString: Untagged
  m_Icon: {fileID: 0}
  m_NavMeshLayer: 0
  m_StaticEditorFlags: 0
  m_IsActive: 1
--- !u!4 &4489073377887698786
Transform:
  m_ObjectHideFlags: 0
  m_CorrespondingSourceObject: {fileID: 0}
  m_PrefabInstance: {fileID: 0}
  m_PrefabAsset: {fileID: 0}
  m_GameObject: {fileID: 4489073377887698785}
  m_LocalRotation: {x: -0, y: -0, z: -0, w: 1}
  m_LocalPosition: {x: 0.61, y: 2.91, z: 0}
  m_LocalScale: {x: 1, y: 1, z: 1}
  m_Children: []
  m_Father: {fileID: 4489073376421540197}
  m_RootOrder: 0
  m_LocalEulerAnglesHint: {x: 0, y: 0, z: 0}
--- !u!114 &4489073377887698789
MonoBehaviour:
  m_ObjectHideFlags: 0
  m_CorrespondingSourceObject: {fileID: 0}
  m_PrefabInstance: {fileID: 0}
  m_PrefabAsset: {fileID: 0}
  m_GameObject: {fileID: 4489073377887698785}
  m_Enabled: 1
  m_EditorHideFlags: 0
  m_Script: {fileID: 11500000, guid: 5ec17ceaa560940e9bf0dbeafc3a1971, type: 3}
  m_Name: 
  m_EditorClassIdentifier: 
  m_SpriteMesh: {fileID: 11400000, guid: 733ada4e53e1aa44f81ea7a0b1bb2d79, type: 2}
  m_Color: {r: 1, g: 1, b: 1, a: 1}
  m_Materials:
  - {fileID: 10754, guid: 0000000000000000f000000000000000, type: 0}
  m_SortingLayerID: 0
  m_SortingOrder: 0
  m_BoneTransforms:
  - {fileID: 4489073377064878347}
--- !u!137 &4489073377887698787
SkinnedMeshRenderer:
  m_ObjectHideFlags: 0
  m_CorrespondingSourceObject: {fileID: 0}
  m_PrefabInstance: {fileID: 0}
  m_PrefabAsset: {fileID: 0}
  m_GameObject: {fileID: 4489073377887698785}
  m_Enabled: 1
  m_CastShadows: 1
  m_ReceiveShadows: 1
  m_DynamicOccludee: 1
  m_MotionVectors: 1
  m_LightProbeUsage: 1
  m_ReflectionProbeUsage: 1
  m_RayTracingMode: 0
  m_RenderingLayerMask: 1
  m_RendererPriority: 0
  m_Materials:
  - {fileID: 10754, guid: 0000000000000000f000000000000000, type: 0}
  m_StaticBatchInfo:
    firstSubMesh: 0
    subMeshCount: 0
  m_StaticBatchRoot: {fileID: 0}
  m_ProbeAnchor: {fileID: 0}
  m_LightProbeVolumeOverride: {fileID: 0}
  m_ScaleInLightmap: 1
  m_ReceiveGI: 1
  m_PreserveUVs: 0
  m_IgnoreNormalsForChartDetection: 0
  m_ImportantGI: 0
  m_StitchLightmapSeams: 1
  m_SelectedEditorRenderState: 3
  m_MinimumChartSize: 4
  m_AutoUVMaxDistance: 0.5
  m_AutoUVMaxAngle: 89
  m_LightmapParameters: {fileID: 0}
  m_SortingLayerID: 0
  m_SortingLayer: 0
  m_SortingOrder: 0
  serializedVersion: 2
  m_Quality: 0
  m_UpdateWhenOffscreen: 0
  m_SkinnedMotionVectors: 1
  m_Mesh: {fileID: 0}
  m_Bones:
  - {fileID: 4489073377064878347}
  m_BlendShapeWeights: []
  m_RootBone: {fileID: 4489073377064878347}
  m_AABB:
    m_Center: {x: 0.4435717, y: 0.058926582, z: 0}
    m_Extent: {x: 0.6190516, y: 0.95421505, z: 0}
  m_DirtyAABB: 0
